@article{BERTweet,
title     = {{BERTweet: A pre-trained language model for English Tweets}},
author    = {Dat Quoc Nguyen, Thanh Vu and Anh Tuan Nguyen},
journal   = {arXiv preprint},
volume    = {arXiv:2005.10200},
year      = {2020}
}

@misc{1907.11692,
Author = {Yinhan Liu and Myle Ott and Naman Goyal and Jingfei Du and Mandar Joshi and Danqi Chen and Omer Levy and Mike Lewis and Luke Zettlemoyer and Veselin Stoyanov},
Title = {RoBERTa: A Robustly Optimized BERT Pretraining Approach},
Year = {2019},
Eprint = {arXiv:1907.11692},
}

@misc{1911.02116,
Author = {Alexis Conneau and Kartikay Khandelwal and Naman Goyal and Vishrav Chaudhary and Guillaume Wenzek and Francisco Guzmán and Edouard Grave and Myle Ott and Luke Zettlemoyer and Veselin Stoyanov},
Title = {Unsupervised Cross-lingual Representation Learning at Scale},
Year = {2019},
Eprint = {arXiv:1911.02116},
}

@misc{1910.03771,
Author = {Thomas Wolf and Lysandre Debut and Victor Sanh and Julien Chaumond and Clement Delangue and Anthony Moi and Pierric Cistac and Tim Rault and Rémi Louf and Morgan Funtowicz and Joe Davison and Sam Shleifer and Patrick von Platen and Clara Ma and Yacine Jernite and Julien Plu and Canwen Xu and Teven Le Scao and Sylvain Gugger and Mariama Drame and Quentin Lhoest and Alexander M. Rush},
Title = {HuggingFace's Transformers: State-of-the-art Natural Language Processing},
Year = {2019},
Eprint = {arXiv:1910.03771},
}

@article{paszke2017automatic,
  title={Automatic differentiation in PyTorch},
  author={Paszke, Adam and Gross, Sam and Chintala, Soumith and Chanan, Gregory and Yang, Edward and DeVito, Zachary and Lin, Zeming and Desmaison, Alban and Antiga, Luca and Lerer, Adam},
  year={2017}
}