@article{BERTweet,
title     = {{BERTweet: A pre-trained language model for English Tweets}},
author    = {Dat Quoc Nguyen and Thanh Vu and Anh Tuan Nguyen},
journal   = {arXiv preprint},
volume    = {arXiv:2005.10200},
year      = {2020}
}

@misc{1907.11692,
Author = {Yinhan Liu and Myle Ott and Naman Goyal and Jingfei Du and Mandar Joshi and Danqi Chen and Omer Levy and Mike Lewis and Luke Zettlemoyer and Veselin Stoyanov},
Title = {RoBERTa: A Robustly Optimized BERT Pretraining Approach},
Year = {2019},
Eprint = {arXiv:1907.11692},
}

@misc{1911.02116,
Author = {Alexis Conneau and Kartikay Khandelwal and Naman Goyal and Vishrav Chaudhary and Guillaume Wenzek and Francisco Guzmán and Edouard Grave and Myle Ott and Luke Zettlemoyer and Veselin Stoyanov},
Title = {Unsupervised Cross-lingual Representation Learning at Scale},
Year = {2019},
Eprint = {arXiv:1911.02116},
}

@misc{1910.03771,
Author = {Thomas Wolf and Lysandre Debut and Victor Sanh and Julien Chaumond and Clement Delangue and Anthony Moi and Pierric Cistac and Tim Rault and Rémi Louf and Morgan Funtowicz and Joe Davison and Sam Shleifer and Patrick von Platen and Clara Ma and Yacine Jernite and Julien Plu and Canwen Xu and Teven Le Scao and Sylvain Gugger and Mariama Drame and Quentin Lhoest and Alexander M. Rush},
Title = {HuggingFace's Transformers: State-of-the-art Natural Language Processing},
Year = {2019},
Eprint = {arXiv:1910.03771},
}

@article{paszke2017automatic,
  title={Automatic differentiation in PyTorch},
  author={Paszke, Adam and Gross, Sam and Chintala, Soumith and Chanan, Gregory and Yang, Edward and DeVito, Zachary and Lin, Zeming and Desmaison, Alban and Antiga, Luca and Lerer, Adam},
  year={2017}
}

@inproceedings{covid19tweet,
title = {{WNUT-2020 Task 2: Identification of Informative COVID-19 English Tweets}},
author = {Dat Quoc Nguyen and Thanh Vu and Afshin Rahimi and Mai Hoang Dao and Linh The Nguyen and Long Doan},
booktitle = {Proceedings of the 6th Workshop on Noisy User-generated Text},
year = {2020}
}

@inproceedings{
loshchilov2019decoupled,
title={Decoupled Weight Decay Regularization},
author={Ilya Loshchilov and Frank Hutter},
booktitle={International Conference on Learning Representations},
year={2019},
url={https://openreview.net/forum?id=Bkg6RiCqY7},
}

@misc{1810.04805,
Author = {Jacob Devlin and Ming-Wei Chang and Kenton Lee and Kristina Toutanova},
Title = {BERT: Pre-training of Deep Bidirectional Transformers for Language Understanding},
Year = {2018},
Eprint = {arXiv:1810.04805},
}

@misc{1802.05365,
Author = {Matthew E. Peters and Mark Neumann and Mohit Iyyer and Matt Gardner and Christopher Clark and Kenton Lee and Luke Zettlemoyer},
Title = {Deep contextualized word representations},
Year = {2018},
Eprint = {arXiv:1802.05365},
}

@misc{1906.08237,
Author = {Zhilin Yang and Zihang Dai and Yiming Yang and Jaime Carbonell and Ruslan Salakhutdinov and Quoc V. Le},
Title = {XLNet: Generalized Autoregressive Pretraining for Language Understanding},
Year = {2019},
Eprint = {arXiv:1906.08237},
}

@misc{1508.07909,
Author = {Rico Sennrich and Barry Haddow and Alexandra Birch},
Title = {Neural Machine Translation of Rare Words with Subword Units},
Year = {2015},
Eprint = {arXiv:1508.07909},
}

@article{scikit-learn,
 title={Scikit-learn: Machine Learning in {P}ython},
 author={Pedregosa, F. and Varoquaux, G. and Gramfort, A. and Michel, V.
         and Thirion, B. and Grisel, O. and Blondel, M. and Prettenhofer, P.
         and Weiss, R. and Dubourg, V. and Vanderplas, J. and Passos, A. and
         Cournapeau, D. and Brucher, M. and Perrot, M. and Duchesnay, E.},
 journal={Journal of Machine Learning Research},
 volume={12},
 pages={2825--2830},
 year={2011}
}